<?xml version="1.0" encoding="UTF-8"?><collection xmlns="http://www.loc.gov/MARC21/slim"><record><leader>00473nam--2200181-i-4500</leader><controlfield tag="001">000044829</controlfield><controlfield tag="002">20161230</controlfield><controlfield tag="005">20161230201044</controlfield><controlfield tag="008">060222s1000------------r-----000-0-rum-d</controlfield><datafield ind1=" " ind2=" " tag="040"><subfield code="a">IFIN-HH</subfield></datafield><datafield ind1=" " ind2=" " tag="041"><subfield code="a">rum</subfield></datafield><datafield ind1=" " ind2=" " tag="080"><subfield code="a">519.25</subfield></datafield><datafield ind1="1" ind2=" " tag="100"><subfield code="a">Tiron, Marin</subfield></datafield><datafield ind1="1" ind2="0" tag="245"><subfield code="a">Teoria erorilor de masurare si metoda celor mai mici patrate</subfield><subfield code="c">Marin tiron</subfield></datafield><datafield ind1=" " ind2=" " tag="260"><subfield code="a">Bucuresti</subfield><subfield code="b">Editura Tehnica</subfield><subfield code="c">1972</subfield></datafield><datafield ind1=" " ind2=" " tag="300"><subfield code="a">399P</subfield></datafield><datafield ind1=" " ind2=" " tag="852"><subfield code="a">37730</subfield><subfield code="c">519.24</subfield></datafield><datafield ind1=" " ind2=" " tag="CAT"><subfield code="a">Sys</subfield><subfield code="c">20130805</subfield><subfield code="h">123919</subfield></datafield></record></collection>